@Book{ramamurthy2020blockchain,
	author = {Ramamurthy, Bina},
	title = {Blockchain in Action},
	publisher = {Manning Publications},
	year = {2020},
	address = {S.l},
	isbn = {9781617296338}
}
@manual{docsnear,
  author       = {NEAR Protocol},
  title        = {NEAR DOCS},
  url		   = {https://docs.near.org/}
}
@manual{nearspec,
  author       = {NEAR Protocol},
  title        = {NEAR Protocol Specification},
  NOTE		   = "\url{https://nomicon.io/} and \url{https://nomicon.io/README.html}"
}
@manual{solanadoc,
  author       = {Solana Foundation},
  title        = {SOLANA DOCUMENTATION},
  url 		   = {https://docs.solana.com/}
}