@misc{nakamoto2012bitcoin,
  added-at = {2014-04-17T08:33:06.000+0200},
  author = {Nakamoto, Satoshi},
  biburl = {https://www.bibsonomy.org/bibtex/23db66df0fc9fa2b5033f096a901f1c36/ngnn},
  interhash = {423c2cdff70ba0cd0bca55ebb164d770},
  intrahash = {3db66df0fc9fa2b5033f096a901f1c36},
  keywords = {imported},
  timestamp = {2014-04-17T08:33:06.000+0200},
  title = {Bitcoin: A peer-to-peer electronic cash system},
  url = {http://www.bitcoin.org/bitcoin.pdf},
  year = 2009
}
 @misc{nearprotocol_2022,
  title={NEAR Protocol},
  url={https://near.org/},
  journal={NEAR Protocol},
  year={2022},
}
@misc{ethereumorg,
  title={Ethereum},
  url={https://ethereum.org/ru/},
  journal={ethereum.org},
  year={2022},
}
@misc{solana,
  author={Solana Foundation},
  title={Solana protocol},
  url={https://solana.com/},
  journal={Solana},
  year={2022},
}
 @misc{solanaprogramlibrarydocs,
  author={Solana Foundation},
  title={Introduction},
  url={https://spl.solana.com/},
  journal={Solana Program Library Docs},
  year={2022},
}
@Book{ramamurthy2020blockchain,
	author = {Ramamurthy, Bina},
	title = {Blockchain in Action},
	publisher = {Manning Publications},
	year = {2020},
	address = {S.l},
	isbn = {9781617296338}
}
 @misc{neardocumentationtransaction,
  author={NEAR Protocol},
  title={Transaction},
  url={https://docs.near.org/docs/concepts/transaction},
  journal={NEAR Documentation},
  year={2022},
}
@misc{nearsdkrs,
  author={NEAR Protocol},
  title={Near/near-sdk-rs: Rust library for writing near Smart Contracts},
  url={https://github.com/near/near-sdk-rs},
  journal={GitHub},
  year={2022},
}
@misc{nearsdkas,
  author={NEAR Protocol},
  title={Near/near-sdk-as: AssemblyScript library for writing near Smart Contracts},
  url={https://github.com/near/near-sdk-as},
  journal={GitHub},
  year={2022},
}
@misc{nearclasskeystore,
  author={NEAR Protocol},
  title={Class KeyStore},
  url={https://near.github.io/near-api-js/classes/key_stores_keystore.keystore.html},
  journal={near},
  year={2022},
}
@misc{nearwallet,
  title={Near wallet},
  url={https://wallet.near.org/},
  journal={NEAR Wallet},
  author={Roketo Labs LTD},
  year={2022},
}
@misc{nearclassaction,
  title={Class action},
  url={https://near.github.io/near-api-js/classes/transaction.action.html},
  journal={near},
  author={NEAR Protocol},
  year={2022},
}
 @misc{nearclasstransaction,
  title={Class transaction},
  url={https://near.github.io/near-api-js/classes/transaction.transaction-1.html},
  journal={near},
  author={NEAR Protocol}
}
@misc{redis,
  url={https://redis.io/},
  journal={Redis},
  author={Redis Ltd},
  year={2022},
}
@misc{discordjsslashcommands,
  title={Discord.js guide},
  url={https://discordjs.guide/interactions/slash-commands.html#registering-slash-commands},
  journal={Slash commands | discord.js Guide},
  author={discord.js}
}
@misc{discordtscontextmenu,
  title={@ContextMenu},
  url={https://discord-ts.js.org/docs/decorators/gui/context-menu/},
  journal={discord.ts official documentation},
  author={discord.ts}
}
@manual{docsnear,
  author       = {NEAR Protocol},
  title        = {NEAR DOCS},
  url		   = {https://docs.near.org/},
  year={2022},
}
@manual{nearspec,
  author       = {NEAR Protocol},
  title        = {NEAR Protocol Specification},
  NOTE		   = "\url{https://nomicon.io/} and \url{https://nomicon.io/README.html}",
  year={2022},
}
@manual{solanadoc,
  author       = {Solana Foundation},
  title        = {SOLANA DOCUMENTATION},
  url 		   = {https://docs.solana.com/},
  year={2022},
}
